@book{agphadkebook,
	title={Synchronized Phasor Measurements	and Their Applications},
	author={A.G. Phadke and J.S. Thorp},
	year={2008},
	publisher={ Springer Science+Business Media, LLC}
}

@article{c37.118,
  title={IEEE Standard for Synchrophasor Measurements for Power Systems},
  author={IEEE Power and Energy Society},
  year={2014},
  publisher = {IEEE, 3rd Park Avenu, NY, USA.}
}

@ARTICLE{c37.118.2,
	journal={IEEE Std C37.118.2-2011 (Revision of IEEE Std C37.118-2005)},
	title={IEEE Standard for Synchrophasor Data Transfer for Power Systems},
	year={2011},
	pages={1-53},
	keywords={electronic data interchange;phasor measurement;real-time systems;IEEE Std C37.118-2005;IEEE Std C37.118.2-2011;IEEE standard;communication protocol;phasor data concentrator;power system;power system equipment;real-time communication;synchronized phasor measurement data;synchrophasor data transfer;Data processing;Data storage;IEEE standards;Phasor measurement units;Power system dynamics;Synchronization;DC;IEEE C37.118.2;PDC;PMU;data concentrator;phasor;phasor data concentrator;phasor measurement unit;synchronized phasor;synchrophasor},
	doi={10.1109/IEEESTD.2011.6111222},
	month={Dec},
}


@misc{CirSinWave,
	  title = {Circle to Sine Wave},
	  howpublished = {\url{http://westernau.com/images/Circle-To-Sine-Wave.png}},
}



@misc{PMUhist,
	title = {Phasor Measurement Unit: History, Principal and Operation},
	howpublished = {\url{https://en.wikipedia.org/wiki/Phasor_measurement_unit}},
}


@article{dotta2014teaching,
	title={A teaching tool for phasor measurement estimation},
	author={Dotta, Daniel and Chow, Joe H and Bertagnolli, David B},
	journal={IEEE Transactions on Power Systems},
	volume={29},
	number={4},
	pages={1981--1988},
	year={2014},
	publisher={IEEE}
}

@article{stadlin2013gridtrak,
	title={Gridtrak open-source synchrophasor PMU project},
	author={Stadlin, AJ},
	journal={Codeplex Project Page, Online: http://gridtrak. codeplex. com/[Accessed: Feb 15 2012]},
	year={2013}
}

@inproceedings{garcia2010dtu,
	title={DTU PMU laboratory development-Testing and validation},
	author={Garcia-Valle, Rodrigo and Yang, Guang-Ya and Martin, Kenneth E and Nielsen, Arne H and {\O}stergaard, Jacob},
	booktitle={Innovative Smart Grid Technologies Conference Europe (ISGT Europe), 2010 IEEE PES},
	pages={1--6},
	year={2010},
	organization={IEEE}
}

@INPROCEEDINGS{paper:openpmu,
	author={D. M. Laverty and D. J. Morrow and A. McKinley and M. Cregan},
	booktitle={2011 IEEE Power and Energy Society General Meeting},
	title={OpenPMU: Open source platform for Synchrophasor applications and research},
	year={2011},
	pages={1-6},
	keywords={IEEE standards;power engineering computing;power system measurement;public domain software;transforms;IEEE standards;OpenPMU:;electrical power system engineer;mathematical transforms;measurement hardware;open source platform;phasor measurement units;power system control;synchrophasor measurement;Communities;Global Positioning System;Hardware;Heuristic algorithms;Licenses;Phasor measurement units;Software;PMU;Python;Smart Grid;Synchrophasor;Telecommunications},
	doi={10.1109/PES.2011.6039607},
	ISSN={1932-5517},
	month={July},}


@article{Paper:saugata,
	Title = {Development of a Smart Grid Test Bed and Applications in PMU and PDC Testing},
	author={Saugata S. Biswas, Jeong Hun Kim, Anurag K Srivastava},
	publisher = {IEEE Conference Publications},
	year = {2012},
}


@INPROCEEDINGS{Paper:ghiga,
	author={R. Ghiga and Q. Wu and K. Martin and W. Z. El-Khatib and L. Cheng and A. H. Nielsen},
	booktitle={2015 IEEE Power Energy Society General Meeting},
	title={Dynamic PMU compliance test under C37.118.1aTM;-2014},
	year={2015},
	pages={1-5},
	keywords={phasor measurement;power amplifiers;signal generators;C37.118.1a amendment;Doble F6150 amplifier;PMU test result analysis kit;current injections;dynamic PMU compliance test;test platform;test signal generator;three phase voltage injections;Frequency modulation;Iron;Phasor measurement units;Power system dynamics;Time-frequency analysis},
	doi={10.1109/PESGM.2015.7285970},
	ISSN={1932-5517},
	month={July},}


@inproceedings{paper:nrendra,
	title={Dynamic performance evaluation and testing of phasor measurement unit (PMU) as per IEEE C37. 118.1 Standard},
	author={Narendra, Krish and Gurusinghe, Dinesh Rangana and Rajapakse, Athula D},
	booktitle={Doble Client Committee Meetings Int. Protect. Testing Users Group},
	year={2012}
}

@article{phadke1983new,
	title={A new measurement technique for tracking voltage phasors, local system frequency, and rate of change of frequency},
	author={Phadke, A Getal and Thorp, James S and Adamiak, M G},
	journal={IEEE transactions on power apparatus and systems},
	number={5},
	pages={1025--1038},
	year={1983},
	publisher={IEEE}
}

@article{sidhu1998iterative,
	title={An iterative technique for fast and accurate measurement of power system frequency},
	author={Sidhu, TS and Sachdev, MS},
	journal={IEEE Transactions on Power Delivery},
	volume={13},
	number={1},
	pages={109--115},
	year={1998},
	publisher={IEEE}
}

@misc{kissFFT,
	author= {Mark Borgerding},
	title = {KissFFT},
	url={https://sourceforge.net/projects/kissfft/},

}

@article{AM3358TRM,
	title={AM335x and AMIC110 SitaraTM Processors, Technical Reference Manual},
	author={\relax Texas Instruments},
	year={2011 revised in March 2017},
	publisher = {Texas Instruments}
}


@misc{DThist,
	title = {Device Trees: History, Rationale and Principal},
	howpublished = {\url{https://github.com/jadonk/validation-scripts/tree/master/test-capemgr}}
}

@misc{libpruio,
	title= {Libpruio: An I/O driver library for BeagleBone Black},
	howpublished={\url{http://users.freebasic-portal.de/tjf/Projekte/libpruio/doc/html/}}
}

@book{sauer1998power,
  title={Power system dynamics and stability},
  author={Sauer, Peter W and Pai, MA},
  volume={4},
  year={1998},
  publisher={Prentice Hall Upper Saddle River, NJ}
}

@misc{remoteproc,
	title={Remote Process Framework},
	howpublished={\url{https://www.kernel.org/doc/Documentation/remoteproc.txt}}
	}

@book{uguide:emifa,
	title={TMS320C674x/OMAP-L1x Processor External Memory Interface A (EMIFA) User Guide},
	author={\relax Texas Instrument},
	publisher={Texas Instrument},
}

@book{uguide:adc,
	title={AD7864BS-1 Datasheet},
	author={\relax Analog Devices Inc.},
	publisher={Analog Devices},
}

@misc {compilerOpti,
	author={GCC},
	Title={Compilar Optimization Flags},
	url={https://gcc.gnu.org/onlinedocs/gcc-3.3.4/gcc/Optimize-Options.html}


}
@book{Padiyar,
author    = "K. R. Padiyar",
title     = "Power System Dynamics - Stability and Control",
publisher = "BS Publications, Hyderabad, India",
year      = "2002",}
  
  
@book{manual,
author    = "K. N. Shubhanga and B. V. Papa Rao",
title     = "Manual for A Multi-machine Transient Stability Programme",
publisher = "Department of Electrical Engineering, NITK, Surathkal",
year= "Version 1.0"}  


@book{padiyar2013structure,
  title={Structure preserving energy functions in power systems: theory and applications},
  author={Padiyar, KR},
  year={2013},
  publisher={CRC Press}
}


@misc{posoco,
  title = {Power System Operation Corporation Limited},
  howpublished = {\url{http://posoco.in/transmission_pricing/poc-data/13-14/13-14-q1/bna-13-14-q1}},
}
  

@article{voltage_stab,
  title={Computing an optimum direction in control space to avoid saddle node bifurcation and voltage collapse in electric power systems},
  author={Dobson, Ian and LIMING, LU},
  journal={IEEE Transactions on Automatic Control},
  volume={37},
  number={10},
  pages={1616--1620},
  year={1992},
  publisher={Institute of Electrical and Electronics Engineers}
}


@article{fouad1988dynamic,
  title={Dynamic security assessment practices in North America},
  author={Fouad, AA and Aboytes, F and Carvalho, VF and Corey, SL and Dhir, KJ and Vierra, R},
  journal={Power Systems, IEEE Transactions on},
  volume={3},
  number={3},
  pages={1310--1321},
  year={1988},
  publisher={IEEE}
}


@inproceedings{sauer_ATC,
  title={Technical challenges of computing available transfer capability (ATC) in electric power systems},
  author={Sauer, Peter W},
  booktitle={System Sciences, 1997, Proceedings of the Thirtieth Hawaii International Conference on},
  volume={5},
  pages={589--593},
  year={1997},
  organization={IEEE}
}


@article{sauer_static,
  title={On the formulation of power distribution factors for linear load flow methods},
  author={Sauer, PW},
  journal={Power Apparatus and Systems, IEEE Transactions on},
  number={2},
  pages={764--770},
  year={1981},
  publisher={IEEE}
}


@inproceedings{hiskens2002power,
  title={Power system applications of trajectory sensitivities},
  author={Hiskens, Ian A and Pai, MA},
  booktitle={Power Engineering Society Winter Meeting, 2002. IEEE},
  volume={2},
  pages={1200--1205},
  year={2002},
  organization={IEEE}
}
